<record><leader>00000cas a2200000 a 4500</leader><controlfield tag="001">10317942</controlfield><controlfield tag="007">hd afv---baca</controlfield><controlfield tag="008">840119d18331865nyuwr nea     0    0eng c</controlfield><datafield ind1=" " ind2=" " tag="010"><subfield code="a">sf 89091156 </subfield></datafield><datafield ind1=" " ind2=" " tag="040"><subfield code="a">PES</subfield><subfield code="b">eng</subfield><subfield code="c">PES</subfield><subfield code="d">DLC</subfield><subfield code="d">NST</subfield><subfield code="d">NYS</subfield><subfield code="d">FUG</subfield><subfield code="d">OCL</subfield><subfield code="d">OCLCQ</subfield><subfield code="d">CRU</subfield><subfield code="d">DLC</subfield><subfield code="d">OCLCQ</subfield><subfield code="d">OCLCF</subfield><subfield code="d">OCLCO</subfield><subfield code="d">OCLCQ</subfield></datafield><datafield ind1=" " ind2=" " tag="012"><subfield code="i">9112</subfield></datafield><datafield ind1=" " ind2=" " tag="042"><subfield code="a">pcc</subfield></datafield><datafield ind1=" " ind2=" " tag="043"><subfield code="a">n-us-ny</subfield></datafield><datafield ind1="0" ind2="0" tag="050"><subfield code="a">Microfilm 01104 no. 1750-1757 AP</subfield></datafield><datafield ind1="1" ind2="4" tag="050"><subfield code="a">AP2</subfield><subfield code="b">.A1 APSII reel 1750-1757</subfield></datafield><datafield ind1="0" ind2="4" tag="082"><subfield code="a">051</subfield><subfield code="b">A51p2</subfield></datafield><datafield ind1="0" ind2=" " tag="130"><subfield code="a">Christian advocate and journal (1833)</subfield></datafield><datafield ind1="1" ind2="0" tag="245"><subfield code="a">Christian advocate and journal.</subfield></datafield><datafield ind1="1" ind2="3" tag="246"><subfield code="a">Christian advocate</subfield></datafield><datafield ind1=" " ind2=" " tag="260"><subfield code="a">New York :</subfield><subfield code="b">Published by B. Waugh and T. Mason for the Methodist Episcopal Church,</subfield><subfield code="c">1833-1865.</subfield></datafield><datafield ind1=" " ind2=" " tag="300"><subfield code="a">33 volumes</subfield></datafield><datafield ind1=" " ind2=" " tag="310"><subfield code="a">Weekly</subfield></datafield><datafield ind1=" " ind2=" " tag="336"><subfield code="a">text</subfield><subfield code="b">txt</subfield><subfield code="2">rdacontent</subfield></datafield><datafield ind1=" " ind2=" " tag="337"><subfield code="a">microform</subfield><subfield code="b">h</subfield><subfield code="2">rdamedia</subfield></datafield><datafield ind1=" " ind2=" " tag="338"><subfield code="a">microfilm reel</subfield><subfield code="b">hd</subfield><subfield code="2">rdacarrier</subfield></datafield><datafield ind1="0" ind2=" " tag="362"><subfield code="a">Vol. 8, no. 1 (Aug. 30, 1833)-v. 40, no. 52 (Dec. 28, 1865) = whole no. 365-no. 2052.</subfield></datafield><datafield ind1=" " ind2=" " tag="500"><subfield code="a">Title from caption.</subfield></datafield><datafield ind1=" " ind2=" " tag="550"><subfield code="a">Imprint varies: published later by T. Carlton &amp; J. Porter, Publishers.</subfield></datafield><datafield ind1=" " ind2=" " tag="533"><subfield code="a">Microfilm.</subfield><subfield code="b">Ann Arbor, Mich. :</subfield><subfield code="c">University Microfilms International,</subfield><subfield code="d">1977.</subfield><subfield code="e">8 microfilm reels ; 35 mm.</subfield><subfield code="f">(American periodical series, 1800-1850 ; 1750-1757).</subfield></datafield><datafield ind1=" " ind2="0" tag="651"><subfield code="a">New York (N.Y.)</subfield><subfield code="v">Newspapers.</subfield></datafield><datafield ind1=" " ind2="0" tag="651"><subfield code="a">New York County (N.Y.)</subfield><subfield code="v">Newspapers.</subfield></datafield><datafield ind1=" " ind2="7" tag="651"><subfield code="a">New York (State)</subfield><subfield code="z">New York.</subfield><subfield code="2">fast</subfield><subfield code="0">(OCoLC)fst01204333</subfield></datafield><datafield ind1=" " ind2="7" tag="651"><subfield code="a">New York (State)</subfield><subfield code="z">New York County.</subfield><subfield code="2">fast</subfield><subfield code="0">(OCoLC)fst01234953</subfield></datafield><datafield ind1=" " ind2="7" tag="655"><subfield code="a">Newspapers.</subfield><subfield code="2">fast</subfield><subfield code="0">(OCoLC)fst01423814</subfield></datafield><datafield ind1=" " ind2=" " tag="752"><subfield code="a">United States</subfield><subfield code="b">New York</subfield><subfield code="c">New York</subfield><subfield code="d">New York.</subfield></datafield><datafield ind1="1" ind2=" " tag="776"><subfield code="c">Original</subfield><subfield code="x">2157-5509</subfield><subfield code="w">(DLC)sn 93063542</subfield><subfield code="w">(OCoLC)6663731</subfield></datafield><datafield ind1="0" ind2="0" tag="780"><subfield code="t">Christian advocate and journal, and Zion's herald</subfield><subfield code="w">(DLC)sf 89091155</subfield><subfield code="w">(OCoLC)10317853</subfield></datafield><datafield ind1="0" ind2="0" tag="785"><subfield code="t">Christian advocate (New York, N.Y. : 1866)</subfield><subfield code="w">(DLC)sf 89091157</subfield><subfield code="w">(OCoLC)10317989</subfield></datafield><datafield ind1=" " ind2="0" tag="830"><subfield code="a">American periodical series, 1800-1850 ;</subfield><subfield code="v">1750-1757.</subfield></datafield><datafield ind1=" " ind2=" " tag="850"><subfield code="a">DLC</subfield><subfield code="a">FU</subfield><subfield code="a">InLP</subfield></datafield><datafield ind1="1" ind2=" " tag="029"><subfield code="a">AU@</subfield><subfield code="b">000011686651</subfield></datafield></record>